<record><leader>00000cas a2200000 a 4500</leader><controlfield tag="001">22199198</controlfield><controlfield tag="008">900809d19281970iluwr ne      0    0eng c</controlfield><datafield ind1=" " ind2=" " tag="010"><subfield code="a">sn 90054617 </subfield></datafield><datafield ind1=" " ind2=" " tag="040"><subfield code="a">NVF</subfield><subfield code="b">eng</subfield><subfield code="c">NVF</subfield><subfield code="d">OCL</subfield><subfield code="d">NVF</subfield><subfield code="d">OCLCQ</subfield><subfield code="d">OCLCF</subfield><subfield code="d">OCLCO</subfield></datafield><datafield ind1="1" ind2=" " tag="029"><subfield code="a">AU@</subfield><subfield code="b">000020631809</subfield></datafield><datafield ind1=" " ind2=" " tag="042"><subfield code="a">pcc</subfield></datafield><datafield ind1=" " ind2=" " tag="043"><subfield code="a">n-us-il</subfield></datafield><datafield ind1="0" ind2=" " tag="130"><subfield code="a">Tazewell County reporter and Washington post and news (Washington, Ill. : 1928)</subfield></datafield><datafield ind1="1" ind2="0" tag="245"><subfield code="a">Tazewell County reporter and Washington post and news.</subfield></datafield><datafield ind1=" " ind2=" " tag="260"><subfield code="a">Washington, Ill. :</subfield><subfield code="b">Washington Print. Co.,</subfield><subfield code="c">1928-1970.</subfield></datafield><datafield ind1=" " ind2=" " tag="300"><subfield code="a">v.</subfield></datafield><datafield ind1=" " ind2=" " tag="310"><subfield code="a">Weekly</subfield></datafield><datafield ind1="0" ind2=" " tag="362"><subfield code="a">Vol. 61, no. 33 (Apr. 26, 1928)-v. 88, no. 57 (Oct. 6, 1955) ; v. 115, no. 41 (Oct. 13, 1955)-v. 129, no. 53 (Jan. 1, 1970) ; v. 30, no. 2 [no. 1] (Jan. 8, 1970)-v. 30, no. 29 (July 16, 1970).</subfield></datafield><datafield ind1=" " ind2=" " tag="515"><subfield code="a">Issue for Jan. 8, 1970 numbered Vol. 30, no. 2 but constitutes vol. 30, no. 1.</subfield></datafield><datafield ind1=" " ind2="0" tag="651"><subfield code="a">Washington (Ill.)</subfield><subfield code="v">Newspapers.</subfield></datafield><datafield ind1=" " ind2="0" tag="651"><subfield code="a">Tazewell County (Ill.)</subfield><subfield code="v">Newspapers.</subfield></datafield><datafield ind1=" " ind2="7" tag="655"><subfield code="a">Newspapers.</subfield><subfield code="2">fast</subfield><subfield code="0">(OCoLC)fst01423814</subfield></datafield><datafield ind1=" " ind2="7" tag="651"><subfield code="a">Illinois</subfield><subfield code="z">Tazewell County.</subfield><subfield code="2">fast</subfield><subfield code="0">(OCoLC)fst01206780</subfield></datafield><datafield ind1=" " ind2="7" tag="651"><subfield code="a">Illinois</subfield><subfield code="z">Washington.</subfield><subfield code="2">fast</subfield><subfield code="0">(OCoLC)fst01250148</subfield></datafield><datafield ind1=" " ind2=" " tag="752"><subfield code="a">United States</subfield><subfield code="b">Illinois</subfield><subfield code="c">Tazewell</subfield><subfield code="d">Washington.</subfield></datafield><datafield ind1="0" ind2="0" tag="780"><subfield code="t">Tazewell County reporter (Washington, Ill. : 1926)</subfield><subfield code="w">(DLC)sn 90054612</subfield><subfield code="w">(OCoLC)22199129</subfield></datafield><datafield ind1="0" ind2="0" tag="785"><subfield code="t">Tazewell County reporter (Washington, Ill. : 1970)</subfield><subfield code="w">(DLC)sn 90054622</subfield><subfield code="w">(OCoLC)22199276</subfield></datafield></record>